% Encoding: UTF-8

@online{fast-relays-thesis-repo,
  title = {eBPF-Assisted Relays for Multimedia Streaming}, 
  author = {Daniel Pfeifer},
  publisher = {GitHub},
  journal = {GitHub Repository},
  url = {https://github.com/danielpfeifer02/tum-thesis-bsc-fast-relays.git},
  release = {v0.0.0},
  year = {2024},
  note = {Accessed: Dec 1st, 2024},
}